%% This BibTeX bibliography file was created using BibDesk.
%% http://bibdesk.sourceforge.net/


%% Created for Jacir Luiz Bordim at 2016-07-13 11:41:58 -0300 


%% Saved with string encoding Unicode (UTF-8) 



@misc{Vmware,
	Howpublished = {\url{http://www.vmware.com/br/products/vsphere/features/drs-dpm}},
	Note = {Acessado em 04/07/2016},
	Title = {Vmware}}
